<?xml version="1.0" encoding="UTF-8"?><collection xmlns="http://www.loc.gov/MARC21/slim"><record><leader>00352nam--2200121-i-4500</leader><controlfield tag="001">000037920</controlfield><controlfield tag="002">20161230</controlfield><controlfield tag="005">20161230201041</controlfield><controlfield tag="008">060222s1000------------r-----000-0-eng-d</controlfield><datafield ind1=" " ind2=" " tag="100"><subfield code="a">Rasmussen, H.Q.And Hesselberg</subfield></datafield><datafield ind1=" " ind2=" " tag="245"><subfield code="a">An appropriate method for integration of the motion of periodic comets</subfield></datafield><datafield ind1=" " ind2=" " tag="260"><subfield code="a">Kobenhave, Munksgaard, 1954, 40p</subfield></datafield><datafield ind1=" " ind2=" " tag="852"><subfield code="a">3268</subfield></datafield></record></collection>